@misc{gentrythesis,
  title={A FULLY HOMOMORPHIC ENCRYPTION SCHEME},
  author={Craig Gentry},
  note={Disponível em: https://crypto.stanford.edu/craig/craig-thesis.pdf}
}

@misc{dropbox,
  title={Dropbox},
  author={Dropbox, Inc.},
  note={Disponível em: https://www.dropbox.com}
}

@misc{box,
  title={Box},
  author={Box Inc.},
  note={Disponível em: https://www.box.com}
}

@misc{googledrive,
  title={Google Drive},
  author={Google Inc.},
  note={Disponível em: https://drive.google.com}
}

@misc{icloud,
  title={Apple iCloud Drive},
  author={Apple Inc.},
  note={Disponível em: http://www.apple.com/icloud/icloud-drive/},
}

@misc{onedrive,
  title={Microsoft OneDrive},
  author={Microsoft Corporation},
  note={Disponível em: https://onedrive.live.com}
}

@misc{woof,
  title={Woof},
  author={Simon Budig},
  note={Disponível em: http://www.home.unix-ag.org/simon/woof.html}
}

@misc{gentrythesis,
  title={A FULLY HOMOMORPHIC ENCRYPTION SCHEME},
  author={Craig Gentry},
  year={2009},
  note={Disponível em: https://crypto.stanford.edu/craig/craig-thesis.pdf}
}

@misc{gentryhalevi,
  title={Implementing Gentry’s Fully-Homomorphic Encryption Scheme},
  author={Craig Gentry, Shai Halevi},
  year={2011},
  note={Disponível em: https://eprint.iacr.org/2010/520.pdf}
}

@misc{fheintegers,
  title={Fully Homomorphic Encryption over the Integers},
  author={Marten van Dijk, Craig Gentry, Shai Halevi, Vinod Vaikuntanathan},
  year={2010},
  note={Disponível em: https://eprint.iacr.org/2009/616.pdf}
}

@misc{easyfhe,
  title={Computing Arbitrary Functions of Encrypted Data},
  author={Craig Gentry},
  year={2010},
  note={Disponível em: https://crypto.stanford.edu/craig/easy-fhe.pdf}
}

@misc{rothblum,
  title={Homomorphic encryption: from private-key to public-key},
  author={Ron Rothblum},
  year={2010},
  note={Disponível em: http://eccc.hpi-web.de/report/2010/146/}
}

@misc{probability,
  title={Probabilistic encryption},
  author={S. Goldwasser, S. Micali},
  year={1984},
  note={J. Comput. Syst. Sci., 28(2):270–299}
}

@misc{coron,
  title={An implementation of the DGHV fully homomorphic scheme},
  author={J.S. Coron},
  note={https://github.com/coron/fhe}
}

@misc{fhew,
  title={Bootstrapping Homomorphic Encryption in less than a second},
  author={Léo Ducas, Daniele Micciancio},
  year={2014},
  note={Disponível em: http://eprint.iacr.org/2014/816}
}

@misc{optone,
  title={Fully Homomorphic Encryption without Bootstrapping},
  author={Zvika Brakerski, Craig Gentry},
  year={2011},
  note={Disponível em: https://eprint.iacr.org/2011/277}
}

@misc{opttwo,
  title={Fully Homomorphic Encryption without Squashing Using Depth-3 Arithmetic Circuits},
  author={Craig Gentry, Shai Halevi},
  year={2011},
  note={Disponível em: https://eprint.iacr.org/2011/279}
}