@article {
  art:REF_ART_1,
  author = {BLICKENSTAFF, LOREN D. and MORRIS, JAMES M.},
  title = {Fatigue Fracture of the Femoral Neck},
  journal = {The Journal of Bone \& Joint Surgery},
  volume = {48},
  number = {6},
  pages = {1031-1047},
  year = {1966}
}
